

,-------------------.
|     PREAMBLE      |
`-------------------'

@preamble{ "\providecommand{\noopsort}[1]{}
           \providecommand{\singleletter}[1]{#1} "
}

,-------------------.
|  BIBTEX ENTRIES   |
`-------------------'

@article{BufferStockTheory,
  author =        {Christopher D. Carroll},
  journal =       {Revise and Resubmit, Quantitative Economics},
  title =         {Theoretical Foundations of Buffer Stock Saving},
  year =          {2023},
  doi =           {https://zenodo.org/badge/latestdoi/304124725},
  url =           {https://econ-ark.github.io/BufferStockTheory},
}

@article{SolvingMicroDSOPs,
  author =        {Carroll, Christopher D.},
  journal =       {Econ-ARK REMARK},
  title =         {Solving Microeconomic Dynamic Stochastic Optimization
                   Problems},
  year =          {2023},
  url =           {https://llorracc.github.io/SolvingMicroDSOPs},
}

@article{carrollEGM,
  author =        {Carroll, Christopher D.},
  journal =       {Economics Letters},
  month =         {September},
  note =
  {\url{https://www.econ2.jhu.edu/people/ccarroll/EndogenousGridpoints.pdf}},
  number =        {3},
  pages =         {312--320},
  title =         {The {M}ethod of {E}ndogenous {G}ridpoints for
                   {S}olving {D}ynamic {S}tochastic {O}ptimization
                   {P}roblems},
  volume =        {91},
  year =          {2006},
  doi =           {10.1016/j.econlet.2005.09.013},
  url =           {https://www.econ2.jhu.edu/people/ccarroll/
                  EndogenousArchive.zip},
}

