

,-------------------.
|     PREAMBLE      |
`-------------------'

@preamble{ "\providecommand{\noopsort}[1]{}
           \providecommand{\singleletter}[1]{#1} "
}

,-------------------.
|  BIBTEX ENTRIES   |
`-------------------'

@article{gpLifecycle,
  author =        {Gourinchas, Pierre-Olivier and Parker, Jonathan},
  journal =       {Econometrica},
  number =        {1},
  pages =         {47--89},
  title =         {Consumption Over the Life Cycle},
  volume =        {70},
  year =          {2002},
}

@article{cagettiWprofiles,
  author =        {Marco Cagetti},
  journal =       {Journal of Business and Economic Statistics},
  number =        {3},
  pages =         {339--353},
  title =         {Wealth Accumulation Over the Life Cycle and
                   Precautionary Savings},
  volume =        {21},
  year =          {2003},
}

@article{carrollEGM,
  author =        {Carroll, Christopher D.},
  journal =       {Economics Letters},
  month =         {September},
  note =
  {\url{https://www.econ2.jhu.edu/people/ccarroll/EndogenousGridpoints.pdf}},
  number =        {3},
  pages =         {312--320},
  title =         {The {M}ethod of {E}ndogenous {G}ridpoints for
                   {S}olving {D}ynamic {S}tochastic {O}ptimization
                   {P}roblems},
  volume =        {91},
  year =          {2006},
  doi =           {10.1016/j.econlet.2005.09.013},
  url =           {https://www.econ2.jhu.edu/people/ccarroll/
                  EndogenousArchive.zip},
}

@article{SolvingMicroDSOPs,
  author =        {Carroll, Christopher D.},
  journal =       {Econ-ARK REMARK},
  title =         {Solving Microeconomic Dynamic Stochastic Optimization
                   Problems},
  year =          {2023},
  url =           {https://llorracc.github.io/SolvingMicroDSOPs},
}

@article{merton:restat,
  author =        {Merton, Robert C.},
  journal =       {Review of Economics and Statistics},
  pages =         {247--257},
  title =         {Lifetime Portfolio Selection under Uncertainty: The
                   Continuous Time Case},
  volume =        {51},
  year =          {1969},
}

@article{samuelson:portfolio,
  author =        {Samuelson, Paul A.},
  journal =       {Review of Economics and Statistics},
  pages =         {239--46},
  title =         {Lifetime Portfolio Selection by Dynamic Stochastic
                   Programming},
  volume =        {51},
  year =          {1969},
}

@book{deatonUnderstandingC,
  address =       {New York},
  author =        {Deaton, Angus S.},
  publisher =     {Oxford University Press},
  title =         {{U}nderstanding {C}onsumption},
  year =          {1992},
}

@article{BufferStockTheory,
  author =        {Christopher D. Carroll},
  journal =       {Revise and Resubmit, Quantitative Economics},
  title =         {Theoretical Foundations of Buffer Stock Saving},
  year =          {2023},
  doi =           {https://zenodo.org/badge/latestdoi/304124725},
  url =           {https://econ-ark.github.io/BufferStockTheory},
}

@article{Tanaka2013-bc,
  author =        {Tanaka, Ken'ichiro and Toda, Alexis Akira},
  journal =       {Economics letters},
  month =         mar,
  number =        {3},
  pages =         {445--450},
  publisher =     {Elsevier},
  title =         {{Discrete approximations of continuous distributions
                   by maximum entropy}},
  volume =        {118},
  year =          {2013},
  abstract =      {PDF | On Mar 1, 2013, Ken'ichiro Tanaka and others
                   published Discrete approximations of continuous
                   distributions by maximum entropy | Find, read and
                   cite all the research you need on ResearchGate},
  doi =           {10.1016/j.econlet.2012.12.020},
  issn =          {0165-1765},
  url =           {https://www.researchgate.net/publication/
  256994855_Discrete_approximations_of_continuous_distributions_by_maximum_entropy},
}

@article{kopecky2010finite,
  author =        {Kopecky, Karen A. and Suen, Richard M.H.},
  journal =       {Review of Economic Dynamics},
  note =              {\url{http://www.karenkopecky.net/RouwenhorstPaper.pdf}},
  number =        {3},
  pages =         {701--714},
  publisher =     {Elsevier},
  title =         {Finite State Markov-Chain Approximations To Highly
                   Persistent Processes},
  volume =        {13},
  year =          {2010},
  url =           {http://www.karenkopecky.net/RouwenhorstPaper.pdf},
}

@article{denHaanMarcet:parameterized,
  author =        {den Haan, Wouter J and Marcet, Albert},
  journal =       {Journal of Business and Economic Statistics},
  month =         {January},
  note =          {Available at
  {\url{http://ideas.repec.org/a/bes/jnlbes/v8y1990i1p31-34.html}}},
  number =        {1},
  pages =         {31--34},
  title =         {Solving the Stochastic Growth Model by Parameterizing
                   Expectations},
  volume =        {8},
  year =          {1990},
}

@article{ckConcavity,
  author =        {Carroll, Christo{\-}pher D. and
                   Kim{\-}ball, Miles S.},
  journal =       {Econometrica},
  note =
  {\url{https://www.econ2.jhu.edu/people/ccarroll/concavity.pdf}},
  number =        {4},
  pages =         {981--992},
  title =         {On the {C}on{\-}cav{\-}ity of the {C}onsumption
                   {F}unction},
  volume =        {64},
  year =          {1996},
  url =           {https://www.econ2.jhu.edu/people/ccarroll/concavity.pdf},
}

@article{zeldesStochastic,
  author =        {Zeldes, Stephen P.},
  journal =       {Quarterly Journal of Economics},
  month =         {May},
  number =        {2},
  pages =         {275--298},
  title =         {Optimal Consumption with Stochastic Income:
                   {D}eviations from Certainty Equivalence},
  volume =        {104},
  year =          {1989},
}

@article{deatonLiqConstr,
  author =        {Deaton, Angus S.},
  journal =       {Econometrica},
  note =          {\url{https://www.jstor.org/stable/2938366}},
  pages =         {1221-1248},
  title =         {Saving and Liquidity Constraints},
  volume =        {59},
  year =          {1991},
  url =           {http://www.jstor.org/stable/2938366},
}

@article{carroll:brookings,
  author =        {Carroll, Christopher D.},
  journal =       {Brookings Papers on Economic Activity},
  note =
  {\url{https://www.econ2.jhu.edu/people/ccarroll/BufferStockBPEA.pdf}},
  number =        {2},
  pages =         {61--156},
  title =         {The Buffer-Stock Theory of Saving: Some Macroeconomic
                   Evidence},
  volume =        {1992},
  year =          {1992},
  url =           {https://www.econ2.jhu.edu/people/ccarroll/
                  BufferStockBPEA.pdf},
}

@article{carrollBSLCPIH,
  author =        {Carroll, Christopher D.},
  journal =       {Quarterly Journal of Economics},
  number =        {1},
  pages =         {1--56},
  title =         {Buffer Stock Saving and the Life Cycle/Permanent
                   Income Hypothesis},
  volume =        {CXII},
  year =          {1997},
}

@incollection{carroll:richportfolios,
  address =       {Cambridge, MA},
  author =        {Carroll, Christopher D.},
  booktitle =     {Household Portfolios: Theory and Evidence},
  note =
  {\url{https://www.econ2.jhu.edu/people/ccarroll/richportfolios.pdf}},
  publisher =     {MIT Press},
  title =         {Portfolios of the Rich},
  year =          {2002},
  url =           {https://www.econ2.jhu.edu/people/ccarroll/
                  richportfolios.pdf},
}

@article{palumbo:medical,
  author =        {Palumbo, Michael G},
  journal =       {Review of Economic Studies},
  note =          {Available at
  {\url{http://ideas.repec.org/a/bla/restud/v66y1999i2p395-421.html}}},
  number =        {2},
  pages =         {395--421},
  title =         {Uncertain Medical Expenses and Precautionary Saving
                   Near the End of the Life Cycle},
  volume =        {66},
  year =          {1999},
}

@article{carroll&samwick:nature,
  author =        {Carroll, Christopher D. and Samwick, Andrew A.},
  journal =       {Journal of Monetary Economics},
  number =        {1},
  pages =         {41--71},
  title =         {The {N}ature of {P}recautionary {W}ealth},
  volume =        {40},
  year =          {1997},
  url =           {https://www.econ2.jhu.edu/people/ccarroll/papers/
                  nature.pdf},
}

@article{AttanasioBanksMeghirWeber,
  author =        {Attanasio, O.P. and Banks, J. and Meghir, C. and
                   Weber, G.},
  journal =       {Journal of Business and Economic Statistics},
  number =        {1},
  pages =         {22--35},
  publisher =     {JSTOR},
  title =         {Humps and Bumps in Lifetime Consumption},
  volume =        {17},
  year =          {1999},
}

@inproceedings{horowitzBootstrap,
  author =        {Joel L. Horowitz},
  booktitle =     {Handbook of Econometrics},
  editor =        {James J. Heckman and Edward Leamer},
  publisher =     {Elsevier/North Holland},
  title =         {The Bootstrap},
  volume =        {5},
  year =          {2001},
}

@article{andrews2017measuring,
  author =        {Andrews, Isaiah and Gentzkow, Matthew and
                   Shapiro, Jesse M},
  journal =       {The Quarterly Journal of Economics},
  number =        {4},
  pages =         {1553--1592},
  publisher =     {Oxford University Press},
  title =         {Measuring the sensitivity of parameter estimates to
                   estimation moments},
  volume =        {132},
  year =          {2017},
}

