

,-------------------.
|     PREAMBLE      |
`-------------------'

@preamble{ "\providecommand{\noopsort}[1]{}
           \providecommand{\singleletter}[1]{#1} "
}

,-------------------.
|  BIBTEX ENTRIES   |
`-------------------'

@article{gpLifecycle,
  author =        {Gourinchas, Pierre-Olivier and Parker, Jonathan},
  journal =       {Econometrica},
  number =        {1},
  pages =         {47--89},
  title =         {Consumption Over the Life Cycle},
  volume =        {70},
  year =          {2002},
}

@article{cagettiWprofiles,
  author =        {Marco Cagetti},
  journal =       {Journal of Business and Economic Statistics},
  number =        {3},
  pages =         {339--353},
  title =         {Wealth Accumulation Over the Life Cycle and
                   Precautionary Savings},
  volume =        {21},
  year =          {2003},
}

@article{carrollEGM,
  author =        {Carroll, Christopher D.},
  journal =       {Economics Letters},
  month =         {September},
  note =
  {\url{https://www.econ2.jhu.edu/people/ccarroll/EndogenousGridpoints.pdf}},
  number =        {3},
  pages =         {312--320},
  title =         {The {M}ethod of {E}ndogenous {G}ridpoints for
                   {S}olving {D}ynamic {S}tochastic {O}ptimization
                   {P}roblems},
  volume =        {91},
  year =          {2006},
  doi =           {10.1016/j.econlet.2005.09.013},
  url =           {https://www.econ2.jhu.edu/people/ccarroll/
                  EndogenousArchive.zip},
}

@article{SolvingMicroDSOPs,
  author =        {Carroll, Christopher D.},
  journal =       {Econ-ARK REMARK},
  title =         {Solving Microeconomic Dynamic Stochastic Optimization
                   Problems},
  year =          {2023},
  url =           {https://llorracc.github.io/SolvingMicroDSOPs},
}

